%@ARTICLE{ARTICLE:1,
%    AUTHOR="John Doe",
%    TITLE="Title",
%    JOURNAL="Journal",
%    YEAR="2017",
%}

@ARTICLE{rev_innov_2,
    AUTHOR="Juan Fanjul, Director ejecutivo de VLX Electrónica",
    TITLE="Carga de fuego y normativa",
    JOURNAL="Revista Innovación",
    YEAR="2019",
}


%https://revistainnovacion.com/nota/10301/carga_de_fuego_y_normativa/


%
%@BOOK{BOOK:1,
%    AUTHOR="John Doe",
%    TITLE="The Book without Title",
%    PUBLISHER="Dummy Publisher",
%    YEAR="2100",
%}
%
%@INBOOK{BOOK:2,
%    AUTHOR="John Doe",
%    TITLE="The Book without Title",
%    PUBLISHER="Dummy Publisher",
%    YEAR="2100",
%    PAGES="100-200",
%}

@INBOOK{nfpa_1,
    AUTHOR="NFPA",
    TITLE="National Fire Alarm and Signaling Code",
    PUBLISHER="National Fire Protection Association",
    YEAR="2016",
    PAGES="72-73",
}
%76

@INBOOK{nfpa_2,
    AUTHOR="NFPA",
    TITLE="National Fire Alarm and Signaling Code",
    PUBLISHER="National Fire Protection Association",
    YEAR="2016",
    PAGES="72-76",
}

@misc{cese,
	author = {Daniel Marquez, Wilmer Sanz},
	title = {Sistema de notificación de alarma de incendio},
	url = {https://lse-posgrados-files.fi.uba.ar/tesis/LSE-FIUBA-Trabajo-Final-CESE-Daniel-Alexander-Marquez-Farias-2020.pdf},s
	year = {2020}
}




@MISC{rev_innov_1,
	author =	{{Emilio Romano}},
	title =	{La historia de la no detección de incendio en Argentina},
	url =	{https://revistainnovacion.com/nota/11417/la_historia_de_la_no_deteccion_de_incendio_en_argentina/},
	note =	{Disponible: 2021-07-25},
 } 
}
@BOOK{cod_edif,
    AUTHOR="Ciudad Autónoma de Buenos Aires.",
    TITLE="Código de edificación.",
    PUBLISHER="Texto ordenado según Ley 6.100 y modificatoria Ley 6.438",
    YEAR="2019",
}

@BOOK{ley_5920,
    AUTHOR="Gobierno de la Ciudad Autónoma de Buenos Aires",
    TITLE="Ley N.º 5920",
    PUBLISHER="Boletín Oficial de la Ciudad Autónoma de Buenos Aires",
    YEAR="2018",
}

@BOOK{utn_1,
    AUTHOR="Ing. Carlos Tolcachir y Esp. Ing. MARÍA G HEGUILÉN",
    TITLE="PLANES DE EMERGENCIA Y EVACUACIÓN",
    PUBLISHER="UTN Facultad Regional Bahía Blanca.",
    YEAR="2015",
}

@BOOK{plan_evac,
    AUTHOR="Ing. Néstor Adolfo Botta",
    TITLE="Confección de Planes de Evacuación",
    PUBLISHER="Red Proteger",
    YEAR="2011",
}

@misc{ss_bosch,
	author = {Bosch},
	title = {Remote Monitoring of Fire Alarm Systems},
	url = {https://www.boschsecurity.com/xc/en/solutions/fire-alarm-systems/remote-monitoring-fire-alarm-systems/},
	note = {Visitado el 10-10-22},
	year = {2022}
}

@misc{churches,
	author = {Churches Fire},
	title = {Fire alarm monitoring Systems},
	url = {https://www.churchesfire.com/fire-safety/fire-alarm-monitoring/},
	note = {Visitado el 10-10-22},
	year = {2022}
}

@misc{nimbus,
	author = {nimbus fireMate},
	title = {Control Room Monitor},
	url = {https://www.lancontrolsystems.com/nimbus-control-room-monitor},
	note = {Visitado el 11-10-22},
	year = {2022}
} 

@misc{dt_14,
	author = {Getterson},
	title = {Discador telefónico Dumont DT-14 },
	url = {http://www.getterson.com.ar/Product/201},
	note = {Visitado el 11-10-22},
	year = {2022}
}

@misc{dt_14,
	author = {Getterson},
	title = {Discador telefónico Dumont DT-14 },
	url = {http://www.getterson.com.ar/Product/201},
	note = {Visitado el 11-10-22},
	year = {2022}
} 



@misc{ht7001,
	author = {HAL Tel},
	title = {SafeLINC Connected Products},
	url = {http://www.haltel.com.ar/ht-7001.html},
	note = {Visitado el 11-10-22},
	year = {2022}
}


@misc{safelinc,
	author = {Simplex},
	title = {SafeLINC Connected Products},
	url = {https://www.simplexfire.com/services/safelinc-connected-services-suite/lins_fd/safelinc-connected-products},
	note = {Visitado el 11-10-22},
	year = {2022}
}

@MANUAL{onyxworks,
    organization  = "Notifier",
    title         = "ONYXWorks® Fire Systems Command Interface",
    number        = "ONYXWorks",
    year          =  201*,
    note          = "Version 4.x"
}


%
%@MISC{WEBSITE:1,
%	HOWPUBLISHED = "\url{http://example.com}",
%	AUTHOR = "Intel",
%	TITLE = "Example Website",
%	MONTH = "12",
%	YEAR = "1988",
%	URLDATE = {2012-11-26}
%}
%
%@MANUAL{dallas:ds18b20,
%    organization  = "Dallas Semiconductor",
%    title         = "DS18B20 Programmable Resolution 1-Wire Digital Thermometer",
%    number        = "050400",
%    year          =  2015,
%    note          = "Rev. 3"
%}
%
%@book{teton2003,
%	title={Gu{\'\i}a t{\'e}cnica de la acuariofilia},
%	author={Teton, J.},
%	isbn={9788489840249},
%	series={Gu{\'\i}as t{\'e}cnicas},
%	url={https://books.google.com.ar/books?id=6vrjovWkQicC},
%	year={2003},
%	publisher={Tursen S.A. - H. Blume}
%}
%
%@book{IEEE:citation,
%	author={IEEE},
%	title={IEEE Citation Reference},
%	edition={1},
%	url={http://www.ieee.org/documents/ieeecitationref.pdf},
%	urldate={2016-9-26},
%	publisher={IEEE Publications},
%	year={2016}
%}
%
%@misc{CIAA,
%	author = {{Proyecto CIAA}},
%	title = {Computadora Industrial Abierta Argentina},
%	url = {http://proyecto-ciaa.com.ar/devwiki/doku.php?id=start},
%	note = {Visitado el 2016-06-25},
%	year = {2014}
%}
%
%@MISC{lpcopen,
%   author =	{{NXP Semiconductors}},
%   title =	{LPCOPEN v2.16 Drivers, Middleware and Examples},
%   url =	{http://www.nxp.com/products/microcontrollers-and-processors/arm-processors/lpc-cortex-m-mcus/software-tools/lpcopen-libraries-and-examples:LPC-OPEN-LIBRARIES},
%   note =	{Disponible: 2016-06-25},
% }
% 
%@MISC{contrib,
%	author =	{{Savannah}},
%	title =	{lwIP - A Lightweight TCP/IP stack},
%	url =	{http://git.savannah.gnu.org/cgit/lwip/lwip-contrib.git},
%	note =	{Disponible: 2016-06-25},
% }
%
%@MISC{webserver,
%	author =	{{Savannah}},
%	title =	{lwIP - Wiki - Sample Web Server},
%	url =	{ http://lwip.wikia.com/wiki/Sample_Web_Server},
%	note =	{Disponible: 2016-06-25}
% } 
% 
%
%
%@MISC{sensor_pH,
%   author =	{dfRobot},
%   title =	{PH meter(SKU: SEN0161)},
%   url =	{http://www.dfrobot.com/wiki/index.php?title=PH_meter(SKU:_SEN0161)},
%   note =	{Disponible: 2016-06-25},
%}
%
%@misc{rfc2616,
%	series =	{Request for Comments},
%	number=		2616,
%	howpublished=	{RFC 2616},
%	publisher =	{RFC Editor},
%	doi =		{10.17487/rfc2616},
%	url =		{https://rfc-editor.org/rfc/rfc2616.txt},
%	author=		{Jeffrey Mogul and Larry M Masinter and Roy T. Fielding and Jim Gettys and Paul J. Leach and Tim Berners-Lee},
%	title=		{{Hypertext Transfer Protocol -- HTTP/1.1}},
%	pagetotal =	176,
%	year =		2013,
%	month =		3,
%	day =		2,
%	abstract =	{HTTP has been in use by the World-Wide Web global information initiative since 1990. This specification defines the protocol referred to as &quot;HTTP/1.1&quot;, and is an update to RFC 2068. [STANDARDS-TRACK]},
%}
%
%@misc{rfc3875,
%	series =	{Request for Comments},
%	number=		3875,
%	howpublished=	{RFC 3875},
%	publisher =	{RFC Editor},
%	doi =		{10.17487/rfc3875},
%	url =		{https://rfc-editor.org/rfc/rfc3875.txt},
%	author=		{David Robinson},
%	title=		{{The Common Gateway Interface (CGI) Version 1.1}},
%	pagetotal =	36,
%	year =		2013,
%	month =		mar,
%	day =		20,
%	abstract =	{The Common Gateway Interface (CGI) is a simple interface for running external programs, software or gateways under an information server in a platform-independent manner. Currently, the supported information servers are HTTP servers.},
%}
%
%@misc{rfc7540,
%	series =	{Request for Comments},
%	number=		7540,
%	howpublished=	{RFC 7540},
%	publisher =	{RFC Editor},
%	doi =		{10.17487/rfc7540},
%	url =		{https://rfc-editor.org/rfc/rfc7540.txt},
%	author=		{Mike Belshe and Roberto Peon and Martin Thomson},
%	title=		{{Hypertext Transfer Protocol Version 2 (HTTP/2)}},
%	pagetotal =	96,
%	year =		2015,
%	month =		nov,
%	day =		18,
%	abstract =	{This specification describes an optimized expression of the semantics of the Hypertext Transfer Protocol (HTTP), referred to as HTTP version 2 (HTTP/2). HTTP/2 enables a more efficient use of network resources and a reduced perception of latency by introducing header field compression and allowing multiple concurrent exchanges on the same connection. It also introduces unsolicited push of representations from servers to clients.},
%}
